
@misc{lei_2-2011,
	title = {Lei n.º 2/2011, de 9 de fevereiro},
	url = {https://dre.pt/dre/detalhe/lei/2-2011-129569},
	urldate = {2025-05-20},
	author = {{República Portuguesa}},
	year = {2011},
	note = {Published: Diário da República},
	annote = {Procedimentos e objetivos de remoção de amianto em edifícios públicos},
}

@misc{lei_63-2018,
	title = {Lei n.º 63/2018, de 10 de outubro},
	url = {https://dre.pt/dre/detalhe/lei/63-2018-116265206},
	urldate = {2025-05-20},
	author = {{República Portuguesa}},
	year = {2018},
	note = {Published: Diário da República},
	annote = {Procedimentos e objetivos de remoção de amianto em edifícios, instalações e equipamentos de empresas privadas},
}

@misc{decreto-lei_266-2007,
	title = {Decreto-{Lei} n.º 266/2007, de 24 de julho},
	url = {https://dre.pt/dre/detalhe/decreto-lei/266-2007-587708},
	urldate = {2025-05-20},
	author = {{República Portuguesa}},
	month = jul,
	year = {2007},
	note = {Published: Diário da República},
	annote = {Proteção dos trabalhadores contra os riscos da exposição ao amianto},
}

@misc{decreto-lei_46-2008,
	title = {Decreto-{Lei} n.º 46/2008, de 12 de março},
	url = {https://dre.pt/dre/detalhe/decreto-lei/46-2008-503505},
	urldate = {2025-05-20},
	author = {{República Portuguesa}},
	month = mar,
	year = {2008},
	note = {Published: Diário da República},
	annote = {Regime das operações de gestão de resíduos de construção e demolição},
}

@misc{portaria_40-2014,
	title = {Portaria n.º 40/2014, de 17 de fevereiro},
	url = {https://dre.pt/dre/detalhe/portaria/40-2014-500207},
	urldate = {2025-05-20},
	author = {{República Portuguesa}},
	year = {2014},
	note = {Published: Diário da República},
	annote = {Normas para a correta remoção de materiais com amianto e gestão dos respetivos resíduos},
}

@misc{despacho_10401-2015,
	title = {Despacho n.º 10401/2015, de 18 de setembro},
	url = {https://dre.pt/dre/detalhe/despacho/10401-2015-702122},
	urldate = {2025-05-20},
	author = {{República Portuguesa}},
	year = {2015},
	note = {Published: Diário da República},
	annote = {Procedimentos de articulação entre APA, ACT, DGS e demais entidades na gestão da informação sobre remoção de amianto},
}

@misc{despacho_6573-a-2020,
	title = {Despacho n.º 6573-{A}/2020, de 19 de junho},
	url = {https://dre.pt/dre/detalhe/despacho/6573-a-2020-136464510},
	urldate = {2025-05-20},
	author = {{República Portuguesa}},
	month = jun,
	year = {2020},
	note = {Published: Diário da República},
	annote = {Plano de remoção de amianto em escolas públicas, delegando competências nas autarquias},
}

@misc{apa_faq_2018,
	title = {{FAQ} sobre {RCD} com amianto},
	url = {https://apambiente.pt/sites/default/files/_Residuos/FluxosEspecificosResiduos/RCD/FAQ%20RCDA-%20abril%202018.pdf},
	author = {{Agência Portuguesa do Ambiente}},
	year = {2018},
	annote = {Documento de perguntas frequentes sobre resíduos de construção e demolição contendo amianto},
}

@misc{dgs_amianto_web,
	title = {Amianto – {Saúde} {Ambiental}},
	url = {https://www.dgs.pt/pagina.aspx?%20f=1&lws=1&mcna=0&lnc=&mid=5005&codigoms=0&codigono=683368347951AAAAAAAAAAAA},
	author = {{Direção-Geral da Saúde}},
	annote = {Materiais informativos sobre riscos do amianto para a saúde pública},
}

@misc{apa_relatorio_2016,
	title = {Relatório da {Comissão} {Técnica} do {Amianto} – {Atividades} 2016},
	url = {https://apambiente.pt/sites/default/files/_Residuos/FluxosEspecificosResiduos/RCD/relatrio%20CTA%20%202016.pdf},
	author = {{Agência Portuguesa do Ambiente}},
	year = {2016},
	annote = {Relatório anual de atividades da Comissão Técnica do Amianto},
}
